
  <record xmlns="http://www.loc.gov/MARC21/slim">
    <leader>00000cam a2200000Ia 4500</leader>
    <controlfield tag="001">ocm13287558 </controlfield>
    <controlfield tag="003">OCoLC</controlfield>
    <controlfield tag="005">20190827070731.9</controlfield>
    <controlfield tag="008">860312e19860228ohua     bt   001 0 eng d</controlfield>
    <datafield tag="040" ind1=" " ind2=" ">
      <subfield code="a">OCC</subfield>
      <subfield code="b">eng</subfield>
      <subfield code="c">OCC</subfield>
      <subfield code="d">OCL</subfield>
      <subfield code="d">YSM</subfield>
      <subfield code="d">OCL</subfield>
      <subfield code="d">OCC</subfield>
      <subfield code="d">NZ1</subfield>
      <subfield code="d">OCLCQ</subfield>
      <subfield code="d">OCLCF</subfield>
      <subfield code="d">OCLCQ</subfield>
      <subfield code="d">OCLCO</subfield>
      <subfield code="d">OCL</subfield>
      <subfield code="d">NLC</subfield>
      <subfield code="d">OCLCQ</subfield>
      <subfield code="d">OCC</subfield>
      <subfield code="d">MST</subfield>
      <subfield code="d">OCC</subfield>
    </datafield>
    <datafield tag="027" ind1=" " ind2=" ">
      <subfield code="a">OCLC/OPR/RR-86/1</subfield>
    </datafield>
    <datafield tag="029" ind1="1" ind2=" ">
      <subfield code="a">NZ1</subfield>
      <subfield code="b">3172173</subfield>
    </datafield>
    <datafield tag="029" ind1="1" ind2=" ">
      <subfield code="a">OCC</subfield>
      <subfield code="c">/p267701coll27</subfield>
      <subfield code="t">CNTNT</subfield>
    </datafield>
    <datafield tag="029" ind1="1" ind2=" ">
      <subfield code="a">NLC</subfield>
      <subfield code="b">000006483860</subfield>
    </datafield>
    <datafield tag="035" ind1=" " ind2=" ">
      <subfield code="a">(OCoLC)13287558</subfield>
    </datafield>
    <datafield tag="037" ind1=" " ind2=" ">
      <subfield code="a">870</subfield>
      <subfield code="b">ORD (OCLC Documentation Dept.)</subfield>
      <subfield code="f">paper copy</subfield>
      <subfield code="c">$25.00</subfield>
    </datafield>
    <datafield tag="050" ind1=" " ind2="4">
      <subfield code="a">Z669.7.O3</subfield>
      <subfield code="b">M375 1986</subfield>
    </datafield>
    <datafield tag="082" ind1="0" ind2="4">
      <subfield code="a">025.524</subfield>
      <subfield code="2">19</subfield>
    </datafield>
    <datafield tag="049" ind1=" " ind2=" ">
      <subfield code="a">MAIN</subfield>
    </datafield>
    <datafield tag="100" ind1="1" ind2=" ">
      <subfield code="a">Markey, Karen.</subfield>
    </datafield>
    <datafield tag="245" ind1="1" ind2="0">
      <subfield code="a">Dewey decimal classification online project :</subfield>
      <subfield code="b">evaluation of a library schedule and index integrated into the subject searching capabilities of an online catalog /</subfield>
      <subfield code="c">by Karen Markey and Anh N. Demeyer.</subfield>
    </datafield>
    <datafield tag="246" ind1="3" ind2=" ">
      <subfield code="a">Evaluation of a library schedule and index integrated into the subject searching capabilities of an online catalog</subfield>
    </datafield>
    <datafield tag="260" ind1=" " ind2=" ">
      <subfield code="a">Dublin, OH :</subfield>
      <subfield code="b">OCLC Online Computer Library Center, Office of Research,</subfield>
      <subfield code="c">1986.</subfield>
    </datafield>
    <datafield tag="300" ind1=" " ind2=" ">
      <subfield code="a">520 pages in various pagings :</subfield>
      <subfield code="b">illustrations ;</subfield>
      <subfield code="c">28 cm</subfield>
    </datafield>
    <datafield tag="336" ind1=" " ind2=" ">
      <subfield code="a">text</subfield>
      <subfield code="b">txt</subfield>
      <subfield code="2">rdacontent</subfield>
    </datafield>
    <datafield tag="337" ind1=" " ind2=" ">
      <subfield code="a">unmediated</subfield>
      <subfield code="b">n</subfield>
      <subfield code="2">rdamedia</subfield>
    </datafield>
    <datafield tag="338" ind1=" " ind2=" ">
      <subfield code="a">volume</subfield>
      <subfield code="b">nc</subfield>
      <subfield code="2">rdacarrier</subfield>
    </datafield>
    <datafield tag="490" ind1="1" ind2=" ">
      <subfield code="a">Report number ;</subfield>
      <subfield code="v">OCLC/OPR/RR-86/1</subfield>
    </datafield>
    <datafield tag="500" ind1=" " ind2=" ">
      <subfield code="a">"1986 February 28."</subfield>
    </datafield>
    <datafield tag="500" ind1=" " ind2=" ">
      <subfield code="a">At head of title: Final report to the Council on Library Resources.</subfield>
    </datafield>
    <datafield tag="504" ind1=" " ind2=" ">
      <subfield code="a">Bibliography: pages R:1-R:5</subfield>
      <subfield code="b">62</subfield>
    </datafield>
    <datafield tag="500" ind1=" " ind2=" ">
      <subfield code="a">Includes index.</subfield>
    </datafield>
    <datafield tag="650" ind1=" " ind2="0">
      <subfield code="a">Online library catalogs</subfield>
      <subfield code="x">Subject access.</subfield>
    </datafield>
    <datafield tag="650" ind1=" " ind2="0">
      <subfield code="a">Online bibliographic searching.</subfield>
    </datafield>
    <datafield tag="650" ind1=" " ind2="0">
      <subfield code="a">Classified catalogs (Dewey decimal)</subfield>
    </datafield>
    <datafield tag="650" ind1=" " ind2="0">
      <subfield code="a">Online library catalogs</subfield>
      <subfield code="v">Use studies.</subfield>
    </datafield>
    <datafield tag="650" ind1=" " ind2="7">
      <subfield code="a">Classified catalogs (Dewey decimal)</subfield>
      <subfield code="2">fast</subfield>
      <subfield code="0">(OCoLC)fst01728023</subfield>
    </datafield>
    <datafield tag="650" ind1=" " ind2="7">
      <subfield code="a">Online bibliographic searching.</subfield>
      <subfield code="2">fast</subfield>
      <subfield code="0">(OCoLC)fst01045925</subfield>
    </datafield>
    <datafield tag="650" ind1=" " ind2="7">
      <subfield code="a">Online library catalogs.</subfield>
      <subfield code="2">fast</subfield>
      <subfield code="0">(OCoLC)fst01045961</subfield>
    </datafield>
    <datafield tag="650" ind1=" " ind2="7">
      <subfield code="a">Online library catalogs</subfield>
      <subfield code="x">Subject access.</subfield>
      <subfield code="2">fast</subfield>
      <subfield code="0">(OCoLC)fst01045964</subfield>
    </datafield>
    <datafield tag="655" ind1=" " ind2="7">
      <subfield code="a">Use studies.</subfield>
      <subfield code="2">fast</subfield>
      <subfield code="0">(OCoLC)fst01423922</subfield>
    </datafield>
    <datafield tag="700" ind1="1" ind2=" ">
      <subfield code="a">Demeyer, Anh N.</subfield>
    </datafield>
    <datafield tag="710" ind1="2" ind2=" ">
      <subfield code="a">OCLC.</subfield>
      <subfield code="b">Office of Research.</subfield>
    </datafield>
    <datafield tag="830" ind1=" " ind2="0">
      <subfield code="a">Research report series (OCLC) ;</subfield>
      <subfield code="v">Report no. OCLC/OPR/RR-86/1.</subfield>
    </datafield>
    <datafield tag="856" ind1="4" ind2="0">
      <subfield code="3">OCLC Archives</subfield>
      <subfield code="u">https://oclclibrary.idm.oclc.org/login?url=http://library.oclc.org.oclclibrary.idm.oclc.org/digital/collection/p267701coll27/id/109</subfield>
    </datafield>
    <datafield tag="994" ind1=" " ind2=" ">
      <subfield code="a">92</subfield>
      <subfield code="b">OCPSB</subfield>
    </datafield>
  </record>