
  <record xmlns="http://www.loc.gov/MARC21/slim">
    <leader>00000cam a2200000Ia 4500</leader>
    <controlfield tag="001">ocm13298037 </controlfield>
    <controlfield tag="003">OCoLC</controlfield>
    <controlfield tag="005">20190827070727.9</controlfield>
    <controlfield tag="008">860314s1986    ohua     f    001 0 eng d</controlfield>
    <datafield tag="040" ind1=" " ind2=" ">
      <subfield code="a">OCC</subfield>
      <subfield code="b">eng</subfield>
      <subfield code="c">OCC</subfield>
      <subfield code="d">MBU</subfield>
      <subfield code="d">IXA</subfield>
      <subfield code="d">OCL</subfield>
      <subfield code="d">OCLCQ</subfield>
      <subfield code="d">OCLCF</subfield>
      <subfield code="d">OCLCQ</subfield>
      <subfield code="d">OCLCO</subfield>
      <subfield code="d">OCLCQ</subfield>
      <subfield code="d">OCL</subfield>
      <subfield code="d">OCC</subfield>
      <subfield code="d">OCLCA</subfield>
    </datafield>
    <datafield tag="019" ind1=" " ind2=" ">
      <subfield code="a">505294044</subfield>
    </datafield>
    <datafield tag="020" ind1=" " ind2=" ">
      <subfield code="a">0933418000</subfield>
      <subfield code="q">(set)</subfield>
    </datafield>
    <datafield tag="020" ind1=" " ind2=" ">
      <subfield code="a">9780933418004</subfield>
      <subfield code="q">(set)</subfield>
    </datafield>
    <datafield tag="020" ind1=" " ind2=" ">
      <subfield code="a">0933418892</subfield>
    </datafield>
    <datafield tag="020" ind1=" " ind2=" ">
      <subfield code="a">9780933418899</subfield>
    </datafield>
    <datafield tag="029" ind1="1" ind2=" ">
      <subfield code="a">OCC</subfield>
      <subfield code="c">/p15003coll74</subfield>
      <subfield code="t">CNTNT</subfield>
    </datafield>
    <datafield tag="035" ind1=" " ind2=" ">
      <subfield code="a">(OCoLC)13298037</subfield>
      <subfield code="z">(OCoLC)505294044</subfield>
    </datafield>
    <datafield tag="050" ind1=" " ind2="4">
      <subfield code="a">Z695.615</subfield>
      <subfield code="b">.O25 1986</subfield>
    </datafield>
    <datafield tag="060" ind1=" " ind2="4">
      <subfield code="a">Z 699.4 O29 M149 1986</subfield>
    </datafield>
    <datafield tag="082" ind1="0" ind2="4">
      <subfield code="a">025.3</subfield>
    </datafield>
    <datafield tag="049" ind1=" " ind2=" ">
      <subfield code="a">MAIN</subfield>
    </datafield>
    <datafield tag="245" ind1="0" ind2="0">
      <subfield code="a">Machine-readable data files format.</subfield>
    </datafield>
    <datafield tag="250" ind1=" " ind2=" ">
      <subfield code="a">2nd ed.</subfield>
    </datafield>
    <datafield tag="260" ind1=" " ind2=" ">
      <subfield code="a">Dublin, Ohio :</subfield>
      <subfield code="b">OCLC,</subfield>
      <subfield code="c">©1986.</subfield>
    </datafield>
    <datafield tag="300" ind1=" " ind2=" ">
      <subfield code="a">1 volume (loose-leaf) :</subfield>
      <subfield code="b">illustrations ;</subfield>
      <subfield code="c">28 cm.</subfield>
    </datafield>
    <datafield tag="336" ind1=" " ind2=" ">
      <subfield code="a">text</subfield>
      <subfield code="b">txt</subfield>
      <subfield code="2">rdacontent</subfield>
    </datafield>
    <datafield tag="337" ind1=" " ind2=" ">
      <subfield code="a">unmediated</subfield>
      <subfield code="b">n</subfield>
      <subfield code="2">rdamedia</subfield>
    </datafield>
    <datafield tag="338" ind1=" " ind2=" ">
      <subfield code="a">volume</subfield>
      <subfield code="b">nc</subfield>
      <subfield code="2">rdacarrier</subfield>
    </datafield>
    <datafield tag="490" ind1="1" ind2=" ">
      <subfield code="a">Online systems</subfield>
    </datafield>
    <datafield tag="500" ind1=" " ind2=" ">
      <subfield code="a">Includes index.</subfield>
    </datafield>
    <datafield tag="650" ind1=" " ind2="0">
      <subfield code="a">Cataloging of microcomputer software</subfield>
      <subfield code="v">Handbooks, manuals, etc.</subfield>
    </datafield>
    <datafield tag="650" ind1=" " ind2="0">
      <subfield code="a">Cataloging of computer files</subfield>
      <subfield code="v">Handbooks, manuals, etc.</subfield>
    </datafield>
    <datafield tag="650" ind1=" " ind2="2">
      <subfield code="a">Cataloging.</subfield>
    </datafield>
    <datafield tag="650" ind1=" " ind2="2">
      <subfield code="a">Software.</subfield>
    </datafield>
    <datafield tag="650" ind1=" " ind2="7">
      <subfield code="a">Cataloging of computer files.</subfield>
      <subfield code="2">fast</subfield>
      <subfield code="0">(OCoLC)fst00848733</subfield>
    </datafield>
    <datafield tag="650" ind1=" " ind2="7">
      <subfield code="a">Cataloging of microcomputer software.</subfield>
      <subfield code="2">fast</subfield>
      <subfield code="0">(OCoLC)fst00848777</subfield>
    </datafield>
    <datafield tag="655" ind1=" " ind2="7">
      <subfield code="a">Handbooks and manuals.</subfield>
      <subfield code="2">fast</subfield>
      <subfield code="0">(OCoLC)fst01423877</subfield>
    </datafield>
    <datafield tag="710" ind1="2" ind2=" ">
      <subfield code="a">OCLC.</subfield>
    </datafield>
    <datafield tag="810" ind1="2" ind2=" ">
      <subfield code="a">OCLC.</subfield>
      <subfield code="t">Online systems.</subfield>
    </datafield>
    <datafield tag="856" ind1="4" ind2="0">
      <subfield code="3">OCLC Archives</subfield>
      <subfield code="u">http://library.oclc.org.oclclibrary.idm.oclc.org/digital/collection/p15003coll74/id/20</subfield>
    </datafield>
    <datafield tag="994" ind1=" " ind2=" ">
      <subfield code="a">92</subfield>
      <subfield code="b">OCPSB</subfield>
    </datafield>
  </record>