
  <record xmlns="http://www.loc.gov/MARC21/slim">
    <leader>00000cam a2200000Ia 4500</leader>
    <controlfield tag="001">ocm18653076 </controlfield>
    <controlfield tag="003">OCoLC</controlfield>
    <controlfield tag="005">20190827071203.3</controlfield>
    <controlfield tag="008">881021s1988    ohu      f    000 0 eng d</controlfield>
    <datafield tag="040" ind1=" " ind2=" ">
      <subfield code="a">OCC</subfield>
      <subfield code="b">eng</subfield>
      <subfield code="c">OCC</subfield>
      <subfield code="d">OCL</subfield>
      <subfield code="d">OCLCQ</subfield>
      <subfield code="d">OCLCF</subfield>
      <subfield code="d">OCLCQ</subfield>
      <subfield code="d">OCLCO</subfield>
      <subfield code="d">OCL</subfield>
      <subfield code="d">OCC</subfield>
    </datafield>
    <datafield tag="020" ind1=" " ind2=" ">
      <subfield code="a">1556530641</subfield>
    </datafield>
    <datafield tag="020" ind1=" " ind2=" ">
      <subfield code="a">9781556530647</subfield>
    </datafield>
    <datafield tag="029" ind1="1" ind2=" ">
      <subfield code="a">OCC</subfield>
      <subfield code="c">/p15003coll70</subfield>
      <subfield code="t">CNTNT</subfield>
    </datafield>
    <datafield tag="035" ind1=" " ind2=" ">
      <subfield code="a">(OCoLC)18653076</subfield>
    </datafield>
    <datafield tag="049" ind1=" " ind2=" ">
      <subfield code="a">MAIN</subfield>
    </datafield>
    <datafield tag="245" ind1="0" ind2="0">
      <subfield code="a">ACQ350 profile workbook.</subfield>
    </datafield>
    <datafield tag="246" ind1="3" ind2=" ">
      <subfield code="a">Acquisitions 350 profile workbook</subfield>
    </datafield>
    <datafield tag="260" ind1=" " ind2=" ">
      <subfield code="a">Dublin, OH :</subfield>
      <subfield code="b">OCLC,</subfield>
      <subfield code="c">©1988.</subfield>
    </datafield>
    <datafield tag="300" ind1=" " ind2=" ">
      <subfield code="a">1 volume (loose-leaf) ;</subfield>
      <subfield code="c">28 cm</subfield>
    </datafield>
    <datafield tag="336" ind1=" " ind2=" ">
      <subfield code="a">text</subfield>
      <subfield code="b">txt</subfield>
      <subfield code="2">rdacontent</subfield>
    </datafield>
    <datafield tag="337" ind1=" " ind2=" ">
      <subfield code="a">unmediated</subfield>
      <subfield code="b">n</subfield>
      <subfield code="2">rdamedia</subfield>
    </datafield>
    <datafield tag="338" ind1=" " ind2=" ">
      <subfield code="a">volume</subfield>
      <subfield code="b">nc</subfield>
      <subfield code="2">rdacarrier</subfield>
    </datafield>
    <datafield tag="500" ind1=" " ind2=" ">
      <subfield code="a">"September 1988."</subfield>
    </datafield>
    <datafield tag="610" ind1="2" ind2="0">
      <subfield code="a">OCLC</subfield>
      <subfield code="v">Handbooks, manuals, etc.</subfield>
    </datafield>
    <datafield tag="610" ind1="2" ind2="7">
      <subfield code="a">OCLC.</subfield>
      <subfield code="2">fast</subfield>
      <subfield code="0">(OCoLC)fst00524808</subfield>
    </datafield>
    <datafield tag="650" ind1=" " ind2="0">
      <subfield code="a">Acquisitions (Libraries)</subfield>
      <subfield code="v">Handbooks, manuals, etc.</subfield>
    </datafield>
    <datafield tag="650" ind1=" " ind2="7">
      <subfield code="a">Acquisitions (Libraries)</subfield>
      <subfield code="2">fast</subfield>
      <subfield code="0">(OCoLC)fst00796015</subfield>
    </datafield>
    <datafield tag="655" ind1=" " ind2="7">
      <subfield code="a">Handbooks and manuals.</subfield>
      <subfield code="2">fast</subfield>
      <subfield code="0">(OCoLC)fst01423877</subfield>
    </datafield>
    <datafield tag="710" ind1="2" ind2=" ">
      <subfield code="a">OCLC.</subfield>
    </datafield>
    <datafield tag="856" ind1="4" ind2="0">
      <subfield code="3">OCLC Archives</subfield>
      <subfield code="u">http://library.oclc.org.oclclibrary.idm.oclc.org/digital/collection/p15003coll70/id/0</subfield>
    </datafield>
    <datafield tag="994" ind1=" " ind2=" ">
      <subfield code="a">92</subfield>
      <subfield code="b">OCPSB</subfield>
    </datafield>
  </record>