
  <record xmlns="http://www.loc.gov/MARC21/slim">
    <leader>00000cmm a2200000Ia 4500</leader>
    <controlfield tag="001">ocm37498393 </controlfield>
    <controlfield tag="003">OCoLC</controlfield>
    <controlfield tag="005">20190827065131.3</controlfield>
    <controlfield tag="006">suu     r   0   a0</controlfield>
    <controlfield tag="006">aa     r    001 0 </controlfield>
    <controlfield tag="007">cr cnu||||||||</controlfield>
    <controlfield tag="008">970819m199u9999cou     o  m        eng d</controlfield>
    <datafield tag="040" ind1=" " ind2=" ">
      <subfield code="a">UOK</subfield>
      <subfield code="b">eng</subfield>
      <subfield code="c">UOK</subfield>
      <subfield code="d">OCL</subfield>
      <subfield code="d">OCLCQ</subfield>
      <subfield code="d">OCLCF</subfield>
      <subfield code="d">OCLCO</subfield>
      <subfield code="d">OCLCQ</subfield>
    </datafield>
    <datafield tag="035" ind1=" " ind2=" ">
      <subfield code="a">(OCoLC)37498393</subfield>
    </datafield>
    <datafield tag="043" ind1=" " ind2=" ">
      <subfield code="a">n-us---</subfield>
    </datafield>
    <datafield tag="049" ind1=" " ind2=" ">
      <subfield code="a">MAIN</subfield>
    </datafield>
    <datafield tag="130" ind1="0" ind2=" ">
      <subfield code="a">Consulting-specifying engineer.</subfield>
      <subfield code="p">Specifier's guide (Online)</subfield>
    </datafield>
    <datafield tag="245" ind1="1" ind2="0">
      <subfield code="a">Consulting-specifying engineer.</subfield>
      <subfield code="p">Specifier's guide.</subfield>
    </datafield>
    <datafield tag="246" ind1="1" ind2=" ">
      <subfield code="i">Additional title on opening screen:</subfield>
      <subfield code="a">C-SE interactive specifiers' guide</subfield>
    </datafield>
    <datafield tag="246" ind1="3" ind2=" ">
      <subfield code="a">Consulting-specifying engineer interactive specifiers' guide</subfield>
    </datafield>
    <datafield tag="246" ind1="3" ind2=" ">
      <subfield code="a">Interactive specifiers' guide</subfield>
    </datafield>
    <datafield tag="246" ind1="3" ind2="0">
      <subfield code="a">Specifier's guide</subfield>
    </datafield>
    <datafield tag="270" ind1=" " ind2=" ">
      <subfield code="a">Cahners Pub. Co.</subfield>
      <subfield code="a">8773 S. Ridgeline Blvd.</subfield>
      <subfield code="b">Highlands Ranch</subfield>
      <subfield code="c">CO</subfield>
      <subfield code="e">80126-2329</subfield>
      <subfield code="k">1 (303) 470-4445</subfield>
    </datafield>
    <datafield tag="516" ind1=" " ind2=" ">
      <subfield code="a">Electronic text.</subfield>
    </datafield>
    <datafield tag="538" ind1=" " ind2=" ">
      <subfield code="a">Mode of access: Internet.</subfield>
    </datafield>
    <datafield tag="500" ind1=" " ind2=" ">
      <subfield code="a">Title from introductory paragraph on opening screen.</subfield>
    </datafield>
    <datafield tag="530" ind1=" " ind2=" ">
      <subfield code="a">Issued also in a print version.</subfield>
    </datafield>
    <datafield tag="650" ind1=" " ind2="0">
      <subfield code="a">Electronic industries</subfield>
      <subfield code="z">United States</subfield>
      <subfield code="v">Directories.</subfield>
    </datafield>
    <datafield tag="650" ind1=" " ind2="0">
      <subfield code="a">Manufacturing industries</subfield>
      <subfield code="z">United States</subfield>
      <subfield code="v">Directories.</subfield>
    </datafield>
    <datafield tag="650" ind1=" " ind2="7">
      <subfield code="a">Electronic industries.</subfield>
      <subfield code="2">fast</subfield>
      <subfield code="0">(OCoLC)fst00907240</subfield>
    </datafield>
    <datafield tag="650" ind1=" " ind2="7">
      <subfield code="a">Manufacturing industries.</subfield>
      <subfield code="2">fast</subfield>
      <subfield code="0">(OCoLC)fst01008071</subfield>
    </datafield>
    <datafield tag="651" ind1=" " ind2="7">
      <subfield code="a">United States.</subfield>
      <subfield code="2">fast</subfield>
      <subfield code="0">(OCoLC)fst01204155</subfield>
    </datafield>
    <datafield tag="655" ind1=" " ind2="7">
      <subfield code="a">Directories.</subfield>
      <subfield code="2">fast</subfield>
      <subfield code="0">(OCoLC)fst01423796</subfield>
    </datafield>
    <datafield tag="730" ind1="0" ind2=" ">
      <subfield code="a">Consulting-specifying engineer.</subfield>
    </datafield>
    <datafield tag="772" ind1="1" ind2=" ">
      <subfield code="a">Consulting-specifying engineer</subfield>
      <subfield code="x">0892-5046</subfield>
    </datafield>
    <datafield tag="856" ind1="4" ind2=" ">
      <subfield code="u">http://www.csemag.com/guide/bgindex.htm</subfield>
    </datafield>
    <datafield tag="994" ind1=" " ind2=" ">
      <subfield code="a">92</subfield>
      <subfield code="b">OCPSB</subfield>
    </datafield>
  </record>