
  <record xmlns="http://www.loc.gov/MARC21/slim">
    <leader>00000cam a2200000 a 4500</leader>
    <controlfield tag="001">ocm37584037 </controlfield>
    <controlfield tag="003">OCoLC</controlfield>
    <controlfield tag="005">20190827070613.5</controlfield>
    <controlfield tag="008">970908s1997    ohua          000 0 eng d</controlfield>
    <datafield tag="010" ind1=" " ind2=" ">
      <subfield code="a">   98138944 </subfield>
    </datafield>
    <datafield tag="040" ind1=" " ind2=" ">
      <subfield code="a">OCL</subfield>
      <subfield code="b">eng</subfield>
      <subfield code="c">DLC</subfield>
      <subfield code="d">OCC</subfield>
      <subfield code="d">UIU</subfield>
      <subfield code="d">MBU</subfield>
      <subfield code="d">ZJC</subfield>
      <subfield code="d">BTCTA</subfield>
      <subfield code="d">OCLCF</subfield>
      <subfield code="d">OCLCQ</subfield>
      <subfield code="d">OCC</subfield>
    </datafield>
    <datafield tag="029" ind1="1" ind2=" ">
      <subfield code="a">AU@</subfield>
      <subfield code="b">000013619347</subfield>
    </datafield>
    <datafield tag="029" ind1="1" ind2=" ">
      <subfield code="a">OCC</subfield>
      <subfield code="c">/p15003coll71</subfield>
      <subfield code="t">CNTNT</subfield>
    </datafield>
    <datafield tag="035" ind1=" " ind2=" ">
      <subfield code="a">(OCoLC)37584037</subfield>
    </datafield>
    <datafield tag="042" ind1=" " ind2=" ">
      <subfield code="a">lccopycat</subfield>
    </datafield>
    <datafield tag="050" ind1="0" ind2="0">
      <subfield code="a">Z674.82.O15</subfield>
      <subfield code="b">O12 1997</subfield>
    </datafield>
    <datafield tag="060" ind1=" " ind2="4">
      <subfield code="a">Z 674.82 .O15 O16b 1997</subfield>
    </datafield>
    <datafield tag="082" ind1="0" ind2="0">
      <subfield code="a">021.6/42</subfield>
      <subfield code="2">21</subfield>
    </datafield>
    <datafield tag="049" ind1=" " ind2=" ">
      <subfield code="a">MAIN</subfield>
    </datafield>
    <datafield tag="110" ind1="2" ind2=" ">
      <subfield code="a">OCLC.</subfield>
    </datafield>
    <datafield tag="245" ind1="1" ind2="0">
      <subfield code="a">Beyond 2000 :</subfield>
      <subfield code="b">a summary of OCLC's strategic plan.</subfield>
    </datafield>
    <datafield tag="260" ind1=" " ind2=" ">
      <subfield code="a">Dublin, Ohio :</subfield>
      <subfield code="b">OCLC Online Computer Library Center,</subfield>
      <subfield code="c">[1997]</subfield>
    </datafield>
    <datafield tag="300" ind1=" " ind2=" ">
      <subfield code="a">36 pages :</subfield>
      <subfield code="b">color illustrations ;</subfield>
      <subfield code="c">28 cm</subfield>
    </datafield>
    <datafield tag="336" ind1=" " ind2=" ">
      <subfield code="a">text</subfield>
      <subfield code="b">txt</subfield>
      <subfield code="2">rdacontent</subfield>
    </datafield>
    <datafield tag="337" ind1=" " ind2=" ">
      <subfield code="a">unmediated</subfield>
      <subfield code="b">n</subfield>
      <subfield code="2">rdamedia</subfield>
    </datafield>
    <datafield tag="338" ind1=" " ind2=" ">
      <subfield code="a">volume</subfield>
      <subfield code="b">nc</subfield>
      <subfield code="2">rdacarrier</subfield>
    </datafield>
    <datafield tag="500" ind1=" " ind2=" ">
      <subfield code="a">Cover title.</subfield>
    </datafield>
    <datafield tag="500" ind1=" " ind2=" ">
      <subfield code="a">"Product code MAN 2024, 9708/10085Q-30M, TPC"--Page 4 of cover.</subfield>
    </datafield>
    <datafield tag="610" ind1="2" ind2="0">
      <subfield code="a">OCLC.</subfield>
    </datafield>
    <datafield tag="610" ind1="2" ind2="7">
      <subfield code="a">OCLC.</subfield>
      <subfield code="2">fast</subfield>
      <subfield code="0">(OCoLC)fst00524808</subfield>
    </datafield>
    <datafield tag="650" ind1=" " ind2="0">
      <subfield code="a">Library information networks.</subfield>
    </datafield>
    <datafield tag="650" ind1="1" ind2="2">
      <subfield code="a">Information Systems.</subfield>
    </datafield>
    <datafield tag="650" ind1="1" ind2="2">
      <subfield code="a">Libraries.</subfield>
    </datafield>
    <datafield tag="650" ind1=" " ind2="7">
      <subfield code="a">Library information networks.</subfield>
      <subfield code="2">fast</subfield>
      <subfield code="0">(OCoLC)fst00997774</subfield>
    </datafield>
    <datafield tag="856" ind1="4" ind2="0">
      <subfield code="3">OCLC Archives</subfield>
      <subfield code="u">https://oclclibrary.idm.oclc.org/login?url=http://library.oclc.org.oclclibrary.idm.oclc.org/digital/collection/p15003coll71/id/343</subfield>
    </datafield>
    <datafield tag="938" ind1=" " ind2=" ">
      <subfield code="a">Baker and Taylor</subfield>
      <subfield code="b">BTCP</subfield>
      <subfield code="n">98138944</subfield>
    </datafield>
    <datafield tag="994" ind1=" " ind2=" ">
      <subfield code="a">92</subfield>
      <subfield code="b">OCPSB</subfield>
    </datafield>
  </record>