
  <record xmlns="http://www.loc.gov/MARC21/slim">
    <leader>00000cam a2200000Ja 4500</leader>
    <controlfield tag="001">ocm38255534 </controlfield>
    <controlfield tag="003">OCoLC</controlfield>
    <controlfield tag="005">20190827065357.3</controlfield>
    <controlfield tag="008">980123s1997    miua     b    000 0deng d</controlfield>
    <datafield tag="010" ind1=" " ind2=" ">
      <subfield code="a">   98153009 </subfield>
    </datafield>
    <datafield tag="040" ind1=" " ind2=" ">
      <subfield code="a">TxSaSM</subfield>
      <subfield code="b">eng</subfield>
      <subfield code="c">DLC</subfield>
      <subfield code="d">SNM</subfield>
      <subfield code="d">NRM</subfield>
      <subfield code="d">UUC</subfield>
      <subfield code="d">BTCTA</subfield>
      <subfield code="d">ZAD</subfield>
      <subfield code="d">VVB</subfield>
      <subfield code="d">TXBXL</subfield>
      <subfield code="d">OCLCQ</subfield>
      <subfield code="d">OCLCF</subfield>
      <subfield code="d">OCLCQ</subfield>
      <subfield code="d">CHILD</subfield>
      <subfield code="d">GILDS</subfield>
      <subfield code="d">MUO</subfield>
    </datafield>
    <datafield tag="019" ind1=" " ind2=" ">
      <subfield code="a">39782992</subfield>
      <subfield code="a">659966321</subfield>
      <subfield code="a">731206928</subfield>
      <subfield code="a">732696580</subfield>
      <subfield code="a">732808934</subfield>
      <subfield code="a">772776628</subfield>
      <subfield code="a">862304991</subfield>
    </datafield>
    <datafield tag="020" ind1=" " ind2=" ">
      <subfield code="a">0787616907</subfield>
    </datafield>
    <datafield tag="020" ind1=" " ind2=" ">
      <subfield code="a">9780787616908</subfield>
    </datafield>
    <datafield tag="020" ind1=" " ind2=" ">
      <subfield code="a">0787616915</subfield>
      <subfield code="q">(v. 2)</subfield>
    </datafield>
    <datafield tag="020" ind1=" " ind2=" ">
      <subfield code="a">9780787616915</subfield>
      <subfield code="q">(v. 2)</subfield>
    </datafield>
    <datafield tag="020" ind1=" " ind2=" ">
      <subfield code="a">0787622184</subfield>
      <subfield code="q">(v. 3)</subfield>
    </datafield>
    <datafield tag="020" ind1=" " ind2=" ">
      <subfield code="a">9780787622183</subfield>
      <subfield code="q">(v. 3)</subfield>
    </datafield>
    <datafield tag="029" ind1="1" ind2=" ">
      <subfield code="a">NZ1</subfield>
      <subfield code="b">14029955</subfield>
    </datafield>
    <datafield tag="029" ind1="1" ind2=" ">
      <subfield code="a">NZ1</subfield>
      <subfield code="b">15979435</subfield>
    </datafield>
    <datafield tag="029" ind1="1" ind2=" ">
      <subfield code="a">NZ1</subfield>
      <subfield code="b">4938352</subfield>
    </datafield>
    <datafield tag="035" ind1=" " ind2=" ">
      <subfield code="a">(OCoLC)38255534</subfield>
      <subfield code="z">(OCoLC)39782992</subfield>
      <subfield code="z">(OCoLC)659966321</subfield>
      <subfield code="z">(OCoLC)731206928</subfield>
      <subfield code="z">(OCoLC)732696580</subfield>
      <subfield code="z">(OCoLC)732808934</subfield>
      <subfield code="z">(OCoLC)772776628</subfield>
      <subfield code="z">(OCoLC)862304991</subfield>
    </datafield>
    <datafield tag="042" ind1=" " ind2=" ">
      <subfield code="a">lccopycat</subfield>
    </datafield>
    <datafield tag="050" ind1="1" ind2="4">
      <subfield code="a">PN3373</subfield>
      <subfield code="b">.S3845 1997</subfield>
    </datafield>
    <datafield tag="082" ind1="0" ind2="0">
      <subfield code="a">809.3/1</subfield>
    </datafield>
    <datafield tag="049" ind1=" " ind2=" ">
      <subfield code="a">MAIN</subfield>
    </datafield>
    <datafield tag="245" ind1="0" ind2="0">
      <subfield code="a">Short stories for students :</subfield>
      <subfield code="b">presenting analysis, context, and criticism on commonly studied short stories /</subfield>
      <subfield code="c">Kathleen Wilson, Editor.</subfield>
    </datafield>
    <datafield tag="260" ind1=" " ind2=" ">
      <subfield code="a">Detroit :</subfield>
      <subfield code="b">Gale,</subfield>
      <subfield code="c">©1997.</subfield>
    </datafield>
    <datafield tag="300" ind1=" " ind2=" ">
      <subfield code="a">2 volumes :</subfield>
      <subfield code="b">illustrations ;</subfield>
      <subfield code="c">29 cm</subfield>
    </datafield>
    <datafield tag="336" ind1=" " ind2=" ">
      <subfield code="a">text</subfield>
      <subfield code="b">txt</subfield>
      <subfield code="2">rdacontent</subfield>
    </datafield>
    <datafield tag="337" ind1=" " ind2=" ">
      <subfield code="a">unmediated</subfield>
      <subfield code="b">n</subfield>
      <subfield code="2">rdamedia</subfield>
    </datafield>
    <datafield tag="338" ind1=" " ind2=" ">
      <subfield code="a">volume</subfield>
      <subfield code="b">nc</subfield>
      <subfield code="2">rdacarrier</subfield>
    </datafield>
    <datafield tag="500" ind1=" " ind2=" ">
      <subfield code="a">Each entry contains author biography, plot summary, characters, themes, style, historical context, critical overview, and criticism.</subfield>
    </datafield>
    <datafield tag="505" ind1="0" ind2="0">
      <subfield code="t">Vol 1: Araby /</subfield>
      <subfield code="r">James Joyce --</subfield>
      <subfield code="t">Celebrated jumping frog of Calaveras County /</subfield>
      <subfield code="r">Mark Twain --</subfield>
      <subfield code="t">Children of the sea /</subfield>
      <subfield code="r">Edwidge Danticat --</subfield>
      <subfield code="t">Devil and Tom Walker /</subfield>
      <subfield code="r">Washington Irving --</subfield>
      <subfield code="t">Eatonville anthology /</subfield>
      <subfield code="r">Zora Neale Hurston --</subfield>
      <subfield code="t">Handsomest drowned man in the world /</subfield>
      <subfield code="r">Gabriel Garcia Marquez --</subfield>
      <subfield code="t">I stand here ironing /</subfield>
      <subfield code="r">Tillie Olsen --</subfield>
      <subfield code="t">Jilting of Granny Weatherall /</subfield>
      <subfield code="r">Katherine Anne Porter --</subfield>
      <subfield code="t">King of the Bingo game /</subfield>
      <subfield code="r">Ralph Ellison --</subfield>
      <subfield code="t">Lottery /</subfield>
      <subfield code="r">Shirley Jackson --</subfield>
      <subfield code="t">Most dangerous game /</subfield>
      <subfield code="r">Richard Connell --</subfield>
      <subfield code="t">Open window /</subfield>
      <subfield code="r">Saki --</subfield>
      <subfield code="t">Secret life of Walter Mitty /</subfield>
      <subfield code="r">James Thurber --</subfield>
      <subfield code="t">Secret sharer /</subfield>
      <subfield code="r">Joseph Conrad --</subfield>
      <subfield code="t">Short, happy life of Francis Macomber /</subfield>
      <subfield code="r">Ernest Hemingway --</subfield>
      <subfield code="t">There will come soft rains /</subfield>
      <subfield code="r">Ray Bradbury --</subfield>
      <subfield code="t">Through the tunnel /</subfield>
      <subfield code="r">Doris Lessing --</subfield>
      <subfield code="t">Where are you going, where have you been? /</subfield>
      <subfield code="r">Joyce Carol Oates --</subfield>
      <subfield code="t">Yellow wallpaper /</subfield>
      <subfield code="r">Charlotte Perkins Gilman --</subfield>
      <subfield code="t">Young Goodman Brown /</subfield>
      <subfield code="r">Nathaniel Hawthorne. Vol 2:</subfield>
      <subfield code="t">Bear /</subfield>
      <subfield code="r">William Faulkner --</subfield>
      <subfield code="t">Christmas memory /</subfield>
      <subfield code="r">Truman Capote --</subfield>
      <subfield code="t">Everyday use /</subfield>
      <subfield code="r">Alice Walker --</subfield>
      <subfield code="t">Fall of the House of Usher /</subfield>
      <subfield code="r">Edgar Allan Poe --</subfield>
      <subfield code="t">Gift of the Magi /</subfield>
      <subfield code="r">O. Henry --</subfield>
      <subfield code="t">Gimpel the Fool /</subfield>
      <subfield code="r">Esaac Bashevis Singer --</subfield>
      <subfield code="t">A good man is hard to find /</subfield>
      <subfield code="r">Flannery O'Connor --</subfield>
      <subfield code="t">In the cemetery where Al Jolson is buried /</subfield>
      <subfield code="r">Amy Hempel --</subfield>
      <subfield code="t">Miss Brill /</subfield>
      <subfield code="r">Katherine Mansfield --</subfield>
      <subfield code="t">Monkey's paw /</subfield>
      <subfield code="r">W.W. Jacobs --</subfield>
      <subfield code="t">Occurrence at Owl Creek bridge /</subfield>
      <subfield code="r">Ambrose Bierce --</subfield>
      <subfield code="t">Ones who walk away from Omelas /</subfield>
      <subfield code="r">Ursula K. Le Guin --</subfield>
      <subfield code="t">Paul's case /</subfield>
      <subfield code="r">Willa Cather --</subfield>
      <subfield code="t">Red-headed league /</subfield>
      <subfield code="r">Arthur Conan Doyle --</subfield>
      <subfield code="t">Rocking-horse winner /</subfield>
      <subfield code="r">D.H. Lawrence --</subfield>
      <subfield code="t">Sonny's blues /</subfield>
      <subfield code="r">James Baldwin --</subfield>
      <subfield code="t">Story of an hour /</subfield>
      <subfield code="r">Kate Chopin --</subfield>
      <subfield code="t">Swimmer /</subfield>
      <subfield code="r">John Cheever --</subfield>
      <subfield code="t">Train from Rhodesia /</subfield>
      <subfield code="r">Nadine Gordimer --</subfield>
      <subfield code="t">Worn path /</subfield>
      <subfield code="r">Eudora Welty.</subfield>
    </datafield>
    <datafield tag="504" ind1=" " ind2=" ">
      <subfield code="a">Includes bibliographical references.</subfield>
    </datafield>
    <datafield tag="520" ind1=" " ind2=" ">
      <subfield code="a">Each entry contains author biography, plot summary, characters, themes, style, historical context, critical overview and criticism.</subfield>
    </datafield>
    <datafield tag="650" ind1=" " ind2="0">
      <subfield code="a">Short story.</subfield>
    </datafield>
    <datafield tag="650" ind1=" " ind2="0">
      <subfield code="a">Short stories</subfield>
      <subfield code="x">Stories, plots, etc.</subfield>
    </datafield>
    <datafield tag="650" ind1=" " ind2="1">
      <subfield code="a">Literature</subfield>
      <subfield code="v">Bio-bibliography.</subfield>
    </datafield>
    <datafield tag="650" ind1=" " ind2="1">
      <subfield code="a">Literature</subfield>
      <subfield code="x">History and criticism.</subfield>
    </datafield>
    <datafield tag="650" ind1=" " ind2="7">
      <subfield code="a">Short stories.</subfield>
      <subfield code="2">fast</subfield>
      <subfield code="0">(OCoLC)fst01117043</subfield>
    </datafield>
    <datafield tag="650" ind1=" " ind2="7">
      <subfield code="a">Short story.</subfield>
      <subfield code="2">fast</subfield>
      <subfield code="0">(OCoLC)fst01117446</subfield>
    </datafield>
    <datafield tag="655" ind1=" " ind2="7">
      <subfield code="a">Stories, plots, etc.</subfield>
      <subfield code="2">fast</subfield>
      <subfield code="0">(OCoLC)fst01423908</subfield>
    </datafield>
    <datafield tag="655" ind1=" " ind2="4">
      <subfield code="a">Stories, plots, etc.</subfield>
    </datafield>
    <datafield tag="700" ind1="1" ind2=" ">
      <subfield code="a">Wilson, Kathleen.</subfield>
    </datafield>
    <datafield tag="856" ind1="4" ind2="0">
      <subfield code="u">http://trmproxy.mnpals.net/login?url=http://go.galegroup.com/ps/aboutSeries.do?userGroupName=mnalll&amp;inPS=true&amp;prodId=GVRL&amp;seriesId=0QME</subfield>
    </datafield>
    <datafield tag="938" ind1=" " ind2=" ">
      <subfield code="a">Children's Plus, Inc.</subfield>
      <subfield code="b">CHIL</subfield>
      <subfield code="n">1598260</subfield>
    </datafield>
    <datafield tag="938" ind1=" " ind2=" ">
      <subfield code="a">Children's Plus, Inc.</subfield>
      <subfield code="b">CHIL</subfield>
      <subfield code="n">1598259</subfield>
    </datafield>
    <datafield tag="938" ind1=" " ind2=" ">
      <subfield code="a">Baker and Taylor</subfield>
      <subfield code="b">BTCP</subfield>
      <subfield code="n">98153009</subfield>
    </datafield>
    <datafield tag="994" ind1=" " ind2=" ">
      <subfield code="a">92</subfield>
      <subfield code="b">OCPSB</subfield>
    </datafield>
  </record>